% Encoding: UTF-8
@book{aho:dragonbook,
  author = {Alfred V. Aho and Ravi Sethi and Jeffrey D. Ullman},
  title = "Compilers. Principles, Techniques and Tools",
  publisher = "Addison Wesley",
  year = "1986"
}

@Www{GorillaArm,
  author   = {{Computer Dictionary Online}},
  title    = {Gorilla Arm},
  year     = {2017},
  date     = {2017-12-30},
  keywords = {Bla},
  url      = {http://www.computer-dictionary-online.org/?q=gorilla%20arm},
}

@Comment{jabref-meta: databaseType:bibtex;}
